@book{ManifestoComunista,
  title={Manifesto comunista},
  author={Marx, Karl and Engels, Friedrich},
  year={2010},
  publisher={Boitempo Editorial}
}

@article{ItroPolit,
  title={Introdu{\c{c}}{\~a}o {\`a} contribui{\c{c}}{\~a}o para a cr{\'\i}tica da economia pol{\'\i}tica. 1859},
  author={MARX, Karl},
  journal={Contribui{\c{c}}{\~a}o {\`a} cr{\'\i}tica da economia pol{\'\i}tica},
  pages={235--270},
  year={2018}
}

@book{han2015sociedade,
  title={Sociedade do cansa{\c{c}}o},
  author={Han, Byung-Chul},
  year={2015},
  publisher={Editora Vozes Limitada}
}

@article{carneiro2003mulheres,
  title={Mulheres em movimento},
  author={Carneiro, Sueli},
  journal={Estudos avan{\c{c}}ados},
  volume={17},
  pages={117--133},
  year={2003},
  publisher={SciELO Brasil}
}

@book{marx2016capital,
  title={O capital-Livro 1-Vol. 1 e 2: O processo de produ{\c{c}}{\~a}o do capital},
  author={Marx, Karl},
  year={2016},
  publisher={Editora Jos{\'e} Olympio}
}

@article{mbembe2006necropolitics,
  title={Necropolitics},
  author={Mbembe, Achille},
  journal={Raisons politiques},
  volume={21},
  number={1},
  pages={29--60},
  year={2006},
  publisher={Presses de Sciences Po}
}

@book{de1998memorias,
  title={Mem{\'o}rias p{\'o}stumas de Br{\'a}s Cubas},
  author={De Assis, Machado},
  volume={5},
  year={1998},
  publisher={Ateli{\^e} Editorial}
}
